@article{turing1990chemical,
  title={The chemical basis of morphogenesis},
  author={Turing, Alan Mathison},
  journal={Bulletin of mathematical biology},
  volume={52},
  pages={153--197},
  year={1990},
  publisher={Springer}
}

@article{de2020leopard,
  title={The leopard never changes its spots: realistic pigmentation pattern formation by coupling tissue growth with reaction-diffusion},
  author={De Gomensoro Malheiros, Marcelo and Fensterseifer, Henrique and Walter, Marcelo},
  journal={ACM Transactions on Graphics (TOG)},
  volume={39},
  number={4},
  pages={63--1},
  year={2020},
  publisher={ACM New York, NY, USA}
}

@article{clair2024reaction,
  title={A reaction-diffusion model for population dynamics in patchy landscapes},
  author={Clair, Ryan St and Nevai, Andrew and Schugart, Richard},
  journal={Journal of Differential Equations},
  volume={405},
  pages={247--286},
  year={2024},
  publisher={Elsevier}
}

@article{fitzhugh1961impulses,
  title={Impulses and physiological states in theoretical models of nerve membrane},
  author={FitzHugh, Richard},
  journal={Biophysical journal},
  volume={1},
  number={6},
  pages={445--466},
  year={1961},
  publisher={Elsevier}
}

@article{zhabotinsky2007belousov,
  title={Belousov-zhabotinsky reaction},
  author={Zhabotinsky, Anatol M},
  journal={Scholarpedia},
  volume={2},
  number={9},
  pages={1435},
  year={2007}
}

@article{graham1993temperature,
  title={Temperature pulse dynamics on a catalytic ring},
  author={Graham, Michael D and Lane, Samuel L and Luss, Dan},
  journal={The Journal of Physical Chemistry},
  volume={97},
  number={29},
  pages={7564--7571},
  year={1993},
  publisher={ACS Publications}
}

@article{li2020reaction,
  title={Reaction diffusion system prediction based on convolutional neural network},
  author={Li, Angran and Chen, Ruijia and Farimani, Amir Barati and Zhang, Yongjie Jessica},
  journal={Scientific reports},
  volume={10},
  number={1},
  pages={3894},
  year={2020},
  publisher={Nature Publishing Group UK London}
}

@article{szalai2004turing,
  title={Turing patterns, spatial bistability, and front instabilities in a reaction- diffusion system},
  author={Szalai, Istv{\'a}n and De Kepper, Patrick},
  journal={The Journal of Physical Chemistry A},
  volume={108},
  number={25},
  pages={5315--5321},
  year={2004},
  publisher={ACS Publications}
}

@article{vittadello2021turing,
  title={Turing pattern design principles and their robustness},
  author={Vittadello, Sean T and Leyshon, Thomas and Schnoerr, David and Stumpf, Michael PH},
  journal={Philosophical Transactions of the Royal Society A},
  volume={379},
  number={2213},
  pages={20200272},
  year={2021},
  publisher={The Royal Society}
}

@article{rinzel1982propagation,
  title={Propagation phenomena in a bistable reaction-diffusion system},
  author={Rinzel, John and Terman, David},
  journal={SIAM Journal on Applied Mathematics},
  volume={42},
  number={5},
  pages={1111--1137},
  year={1982},
  publisher={SIAM}
}

@article{pao1982nonlinear,
  title={On nonlinear reaction-diffusion systems},
  author={Pao, Chia-Ven},
  journal={Journal of Mathematical Analysis and Applications},
  volume={87},
  number={1},
  pages={165--198},
  year={1982},
  publisher={Elsevier}
}

@incollection{martin1992nonlinear,
  title={Nonlinear reaction-diffusion systems},
  author={Martin Jr, RH and Pierre, Michel},
  booktitle={Mathematics in science and engineering},
  volume={185},
  pages={363--398},
  year={1992},
  publisher={Elsevier}
}

@article{bueno2014fourier,
  title={Fourier spectral methods for fractional-in-space reaction-diffusion equations},
  author={Bueno-Orovio, Alfonso and Kay, David and Burrage, Kevin},
  journal={BIT Numerical mathematics},
  volume={54},
  pages={937--954},
  year={2014},
  publisher={Springer}
}

@article{craster2018spectral,
  title={Spectral algorithms for reaction-diffusion equations},
  author={Craster, Richard V and Sassi, Roberto},
  journal={arXiv preprint arXiv:1810.07431},
  year={2018}
}

@article{hoff1978stability,
  title={Stability and convergence of finite difference methods for systems of nonlinear reaction-diffusion equations},
  author={Hoff, David},
  journal={SIAM Journal on Numerical Analysis},
  volume={15},
  number={6},
  pages={1161--1177},
  year={1978},
  publisher={SIAM}
}

@article{spendier2013analytic,
  title={Analytic solutions for some reaction-diffusion scenarios},
  author={Spendier, Kathrin and Kenkre, VM},
  journal={The Journal of Physical Chemistry B},
  volume={117},
  number={49},
  pages={15639--15650},
  year={2013},
  publisher={ACS Publications}
}

@article{sellami2020accelerating,
  title={Accelerating the finite-element method for reaction-diffusion simulations on GPUs with CUDA},
  author={Sellami, Hedi and Cazenille, Leo and Fujii, Teruo and Hagiya, Masami and Aubert-Kato, Nathanael and Genot, Anthony J},
  journal={Micromachines},
  volume={11},
  number={9},
  pages={881},
  year={2020},
  publisher={MDPI}
}

@article{lang1992finite,
  title={A finite element method adaptive in space and time for nonlinear reaction-diffusion systems},
  author={Lang, Jens and Walter, Artur},
  journal={IMPACT of Computing in Science and Engineering},
  volume={4},
  number={4},
  pages={269--314},
  year={1992},
  publisher={Elsevier}
}

@book{galerkin1968rods,
  title={Rods and Plates: Series in Some Questions of Elastic Equilibrium of Rods and Plates},
  author={Galerkin, B.G.},
  url={https://books.google.com/books?id=gXLCHAAACAAJ},
  year={1968},
  publisher={National Technical Information Service}
}

@book{folland2020introduction,
  title={Introduction to partial differential equations},
  author={Folland, Gerald B},
  year={2020},
  publisher={Princeton university press}
}

@article{nazareth2009conjugate,
  title={Conjugate gradient method},
  author={Nazareth, John L},
  journal={Wiley Interdisciplinary Reviews: Computational Statistics},
  volume={1},
  number={3},
  pages={348--353},
  year={2009},
  publisher={Wiley Online Library}
}

@article{othmer2009intersection,
  title={The intersection of theory and application in elucidating pattern formation in developmental biology},
  author={Othmer, Hans G and Painter, Kevin and Umulis, David and Xue, Chuan},
  journal={Mathematical modelling of natural phenomena},
  volume={4},
  number={4},
  pages={3--82},
  year={2009},
  publisher={EDP Sciences}
}

@article{jeong2017numerical,
  title={Numerical simulation of the zebra pattern formation on a three-dimensional model},
  author={Jeong, Darae and Li, Yibao and Choi, Yongho and Yoo, Minhyun and Kang, Dooyoung and Park, Junyoung and Choi, Jaewon and Kim, Junseok},
  journal={Physica A: Statistical Mechanics and its Applications},
  volume={475},
  pages={106--116},
  year={2017},
  publisher={Elsevier}
}

@article{landge2020pattern,
  title={Pattern formation mechanisms of self-organizing reaction-diffusion systems},
  author={Landge, Amit N and Jordan, Benjamin M and Diego, Xavier and M{\"u}ller, Patrick},
  journal={Developmental biology},
  volume={460},
  number={1},
  pages={2--11},
  year={2020},
  publisher={Elsevier}
}

@article{meinhardt2000pattern,
  title={Pattern formation by local self-activation and lateral inhibition},
  author={Meinhardt, Hans and Gierer, Alfred},
  journal={Bioessays},
  volume={22},
  number={8},
  pages={753--760},
  year={2000},
  publisher={Wiley Online Library}
}

@article{thorimbert2016polynomial,
  title={Polynomial methods for fast procedural terrain generation},
  author={Thorimbert, Yann and Chopard, Bastien},
  journal={arXiv preprint arXiv:1610.03525},
  year={2016}
}

@article{erhunmwun2017review,
  title={Review on finite element method},
  author={Erhunmwun, ID and Ikponmwosa, UB},
  journal={Journal of Applied Sciences and Environmental Management},
  volume={21},
  number={5},
  pages={999--1002},
  year={2017}
}

@article{staddon2024zebra,
  title={How the zebra got its stripes: Curvature-dependent diffusion orients Turing patterns on three-dimensional surfaces},
  author={Staddon, Michael F},
  journal={Physical Review E},
  volume={110},
  number={3},
  pages={034402},
  year={2024},
  publisher={APS}
}

@article{leon2021full,
  title={Full Finite Element Scheme for Reaction-Diffusion Systems on Embedded Curved Surfaces in $\R^3$},
  author={Le{\'o}n-Velasco, D Assaely and Chac{\'o}n-Acosta, Guillermo},
  journal={Advances in Mathematical Physics},
  volume={2021},
  number={1},
  pages={8898484},
  year={2021},
  publisher={Wiley Online Library}
}

@article{hafeez2023review,
  title={A review: Applications of the spectral finite element method},
  author={Hafeez, Muhammad Bilal and Krawczuk, Marek},
  journal={Archives of Computational Methods in Engineering},
  volume={30},
  number={5},
  pages={3453--3465},
  year={2023},
  publisher={Springer}
}

@article{de2020leopard,
  title={The leopard never changes its spots: realistic pigmentation pattern formation by coupling tissue growth with reaction-diffusion},
  author={De Gomensoro Malheiros, Marcelo and Fensterseifer, Henrique and Walter, Marcelo},
  journal={ACM Transactions on Graphics (TOG)},
  volume={39},
  number={4},
  pages={63--1},
  year={2020},
  publisher={ACM New York, NY, USA}
}
